@article{10.1145/1132026.1132027,
  author     = {Moore, David and Shannon, Colleen and Brown, Douglas J. and Voelker, Geoffrey M. and Savage, Stefan},
  title      = {Inferring Internet Denial-of-Service Activity},
  year       = {2006},
  issue_date = {May 2006},
  publisher  = {Association for Computing Machinery},
  volume     = {24},
  number     = {2},
  url        = {https://doi.org/10.1145/1132026.1132027},
  doi        = {10.1145/1132026.1132027},
  journal    = {ACM Trans. Comput. Syst.},
  pages      = {115--139},
  numpages   = {25}
}

@techreport{AD1165550,
  title           = {Mapping DNS DDOS Vulnerability to Improve Protection and Prevention},
  author          = {Claffy, Kimberly and Dainotti, Alberto and Jonker, Mattijs Van Rijswijk-Deij, Roalnd and Sommese, Raffaele and Sperrotto, Anna and Yulaeva, Elena},
  institution     = {University of California, San Diego},
  year            = {2022},
  accessionnumber = {AD1165550},
  url             = {https://apps.dtic.mil/sti/citations/AD1165550}
}

@inproceedings{Beverly2015ServerSI,
  author    = {Beverly, Robert
               and Berger, Arthur},
  editor    = {Mirkovic, Jelena
               and Liu, Yong},
  title     = {Server Siblings: Identifying Shared IPv4/IPv6 Infrastructure Via Active Fingerprinting},
  booktitle = {Passive and Active Measurement},
  year      = {2015},
  pages     = {149--161},
  isbn      = {9783319155098}
}

@book{bhattacharyya2016ddos,
  title     = {DDoS attacks: evolution, detection, prevention, reaction, and tolerance},
  author    = {Bhattacharyya, Dhruba Kumar and Kalita, Jugal Kumar},
  year      = {2016},
  publisher = {CRC Press},
  isbn      = {9781498729642},
  isbn10    = {1498729649}
}

@online{caidarsdos,
  author  = {{CAIDA}},
  title   = {RSDoS},
  url     = {https://www.caida.org/projects/stardust/docs/data/dos/},
  note    = {Archive: \url{https://web.archive.org/web/20231020153700if_/https://www.caida.org/projects/stardust/docs/data/dos/}},
  urldate = {2023-10-20}
}

@online{caidatelescope,
  author  = {{CAIDA}},
  title   = {The UCSD Network Telescope},
  url     = {https://www.caida.org/projects/network_telescope/},
  note    = {Archive: \url{https://web.archive.org/web/20231020153601if_/https://www.caida.org/projects/network_telescope/}},
  urldate = {2023-10-20}
}


@online{cloudflareanycast,
  author  = {Cloudflare},
  title   = {What is Anycast? | How does Anycast work?},
  url     = {https://www.cloudflare.com/learning/cdn/glossary/anycast-network/},
  urldate = {2023-10-17}
}


@online{cloudflareddosreport2022,
  author  = {Cloudflare},
  title   = {Cloudflare DDoS threat report for 2022 Q4},
  url     = {https://blog.cloudflare.com/ddos-threat-report-2022-q4/},
  note    = {Archive: \url{https://web.archive.org/web/20231024154508if_/https://blog.cloudflare.com/ddos-threat-report-2022-q4/}},
  urldate = {2023-10-24}
}

@online{cloudflareddosreport2023q1,
  author  = {Cloudflare},
  title   = {DDoS threat report for 2023 Q1},
  url     = {https://blog.cloudflare.com/ddos-threat-report-2023-q1/},
  note    = {Archive: \url{https://web.archive.org/web/20231024154848if_/https://blog.cloudflare.com/ddos-threat-report-2023-q1/}},
  urldate = {2023-10-24}
}

@online{cloudflareddosreport2023q2,
  author  = {Cloudflare},
  title   = {DDoS threat report for 2023 Q2},
  url     = {https://blog.cloudflare.com/ddos-threat-report-2023-q2/},
  note    = {Archive: \url{https://web.archive.org/web/20231024155255if_/https://blog.cloudflare.com/ddos-threat-report-2023-q2/}},
  urldate = {2023-10-24}
}

@online{dnib2023q2,
  author  = {{Domain Name Industry Brief}},
  title   = {The Domain Name Industry Brief Quarterly Report - Q2 2023 Data and Analysis},
  url     = {https://dnib.com/articles/the-domain-name-industry-brief-q2-2023},
  note    = {Archive: \url{https://web.archive.org/web/20231020153819if_/https://dnib.com/articles/the-domain-name-industry-brief-q2-2023}},
  urldate = {2023-10-20}
}


@article{dynanalysis,
  author    = {{Scott Hilton}},
  title     = {Dyn Analysis Summary Of Friday October 21 Attack},
  publisher = {Dyn},
  journal   = {Dyn},
  date      = {2016-10-26},
  url       = {https://dyn.com/blog/dyn-analysis-summary-of-friday-october-21-attack/},
  note      = {Original Source offline; Archive: \url{https://web.archive.org/web/20161101171641if_/https://dyn.com/blog/dyn-analysis-summary-of-friday-october-21-attack/}},
  urldate   = {2023-11-15}
}

@online{forbesanonymousddos,
  author  = {Andy Greenberg},
  title   = {Anonymous Plans To Take Down The Internet? We're Being Trolled},
  url     = {https://www.forbes.com/sites/andygreenberg/2012/02/16/anonymous-plans-to-take-down-the-internet-were-being-trolled/},
  note    = {Archive: \url{https://web.archive.org/web/20231020153431if_/https://www.forbes.com/sites/andygreenberg/2012/02/16/anonymous-plans-to-take-down-the-internet-were-being-trolled/}},
  urldate = {2023-10-20}
}

@book{James_Kurose,
  title     = {Computer Networking - A Top-Down Approach},
  author    = {James F. Kurose and Keith W. Ross},
  isbn      = {9780136681557},
  isbn10    = {0136681557},
  year      = {2020},
  publisher = {Pearson Addison Wesley}
}

@inproceedings{Mao2022AssessingSF,
  author    = {Mao, Jiarun and Rabinovich, Michael and Schomp, Kyle},
  title     = {Assessing Support for DNS-over-TCP in the Wild},
  year      = {2022},
  isbn      = {9783030987848},
  publisher = {Springer-Verlag},
  url       = {https://doi.org/10.1007/978-3-030-98785-5_22},
  doi       = {10.1007/978-3-030-98785-5_22},
  booktitle = {Passive and Active Measurement: 23rd International Conference, PAM 2022, Virtual Event, March 28--30, 2022, Proceedings},
  pages     = {487--517},
  numpages  = {31}
}

@online{markandrews,
  author  = {{Mark Andrews}},
  title   = {Reason for Limited number of Root DNS Servers},
  url     = {https://lists.isc.org/pipermail/bind-users/2011-November/085653.html},
  note    = {Archive: \url{https://web.archive.org/web/20231020163243if_/https://lists.isc.org/pipermail/bind-users/2011-November/085653.html}},
  urldate = {2023-10-20}
}

@article{moore2006,
  author     = {Moore, David and Shannon, Colleen and Brown, Douglas J. and Voelker, Geoffrey M. and Savage, Stefan},
  title      = {Inferring Internet Denial-of-Service Activity},
  year       = {2006},
  issue_date = {May 2006},
  publisher  = {Association for Computing Machinery},
  volume     = {24},
  number     = {2},
  url        = {https://doi.org/10.1145/1132026.1132027},
  doi        = {10.1145/1132026.1132027},
  journal    = {ACM Trans. Comput. Syst.},
  pages      = {115-139},
  numpages   = {25}
}


@inproceedings{Moura2019CacheMI,
  author    = {Moura, Giovane C. M. and Heidemann, John and Schmidt, Ricardo de O. and Hardaker, Wes},
  title     = {Cache Me If You Can: Effects of DNS Time-to-Live},
  year      = {2019},
  isbn      = {9781450369480},
  publisher = {Association for Computing Machinery},
  url       = {https://doi.org/10.1145/3355369.3355568},
  doi       = {10.1145/3355369.3355568},
  booktitle = {Proceedings of the Internet Measurement Conference},
  pages     = {101--115},
  numpages  = {15},
  series    = {IMC '19}
}

@article{netscoutdirectpath,
  author    = {{Gary Sockrider}},
  publisher = {NetScout},
  journal   = {NetScout},
  date      = {2022-07-19},
  title     = {Direct-Path Flooding Attacks Are on the Rise},
  url       = {https://www.netscout.com/blog/direct-path-flooding-attacks-are-rise},
  note      = {Archive: \url{https://web.archive.org/web/20231024155336if_/https://www.netscout.com/blog/direct-path-flooding-attacks-are-rise}},
  urldate   = {2023-10-24}
}


@online{openintel,
  author  = {{OpenINTEL}},
  title   = {OpenINTEL: Active DNS Measurement Project},
  url     = {https://www.openintel.nl/},
  note    = {Archive: \url{https://web.archive.org/web/20231020153917if_/https://www.openintel.nl/}},
  urldate = {2023-10-20}
}


@techreport{rfc1035,
  author      = {Paul Mockapetris},
  title       = {{Domain names - implementation and specification}},
  type        = {RFC},
  number      = {1035},
  note        = {{Available: \url{https://www.rfc-editor.org/rfc/rfc1035.txt}}},
  year        = {1987},
  institution = {IETF},
  key         = {RFC1035}
}



@techreport{rfc2182,
  author      = {Michael A. Patton and Scott O. Bradner and Robert Elz and Randy Bush},
  title       = {{Selection and Operation of Secondary DNS Servers}},
  type        = {RFC},
  number      = {2182},
  note        = {{Available: \url{https://www.rfc-editor.org/rfc/rfc2182.txt}}},
  year        = {1997},
  institution = {IETF},
  key         = {RFC2182}
}


@misc{rfc2671,
  series       = {Request for Comments},
  number       = 2671,
  howpublished = {RFC 2671},
  publisher    = {RFC Editor},
  doi          = {10.17487/RFC2671},
  url          = {https://www.rfc-editor.org/info/rfc2671},
  author       = {Paul A. Vixie},
  title        = {{Extension Mechanisms for DNS (EDNS0)}},
  pagetotal    = 7,
  year         = 1999,
  month        = aug
}

@online{rootserverorgddos,
  author  = {{Root Server Technical Operations Association}},
  title   = {Events of 2015-11-30},
  url     = {https://root-servers.org/media/news/events-of-20151130.txt},
  note    = {Archive: \url{https://web.archive.org/web/20231020153037if_/https://root-servers.org/media/news/events-of-20151130.txt}},
  urldate = {2023-10-20}
}

@online{rootserversorg,
  author  = {{Root Server Technical Operations Association}},
  url     = {https://root-servers.org/},
  note    = {Archive: \url{https://web.archive.org/web/20231020153025if_/https://root-servers.org/}},
  urldate = {2023-10-19}
}

@inproceedings{Sommese2021CharacterizationOA,
  title     = {Characterization of Anycast Adoption in the DNS Authoritative Infrastructure},
  author    = {Raffaele Sommese and Gautam Akiwate and Mattijs Jonker and Giovane Moura and Marco Davids and {van Rijswijk - Deij}, {Roland Martijn} and Voelker, {Geoffrey M.} and Stefan Savage and Kimberley Claffy and Anna Sperotto},
  year      = {2021},
  isbn      = {9783903176409},
  booktitle = {TMA Conference 2021},
  publisher = {IFIP}
}

@inproceedings{Sommese2022DDoSDNS,
  author    = {Sommese, Raffaele and Claffy, KC and van Rijswijk-Deij, Roland and Chattopadhyay, Arnab and Dainotti, Alberto and Sperotto, Anna and Jonker, Mattijs},
  title     = {Investigating the Impact of DDoS Attacks on DNS Infrastructure},
  year      = {2022},
  isbn      = {9781450392594},
  publisher = {Association for Computing Machinery},
  url       = {https://doi.org/10.1145/3517745.3561458},
  doi       = {10.1145/3517745.3561458},
  booktitle = {Proceedings of the 22nd ACM Internet Measurement Conference},
  pages     = {51-64},
  numpages  = {14},
  series    = {IMC '22}
}

@phdthesis{SommesePhD2023,
  title  = {Everything in Its Right Place: Improving DNS resilience},
  author = {Raffaele Sommese},
  year   = {2023},
  doi    = {10.3990/1.9789036556699},
  isbn   = {9789036556682}
}

@book{Stallings_William2022-06-06,
  title     = {Cryptography and Network Security: Principles and Practice, Global Ed},
  author    = {Stallings, William},
  publisher = {Pearson},
  year      = {2022},
  isbn      = {9781292437484},
  isbn10    = {1292437480}
}

@article{transipddosdecember,
  author    = {{Tijs Hofmans}},
  publisher = {Tweakers},
  journal   = {Tweakers},
  date      = {2020-12-01},
  title     = {Providers zijn maandag opnieuw getroffen door ddos-aanvallen},
  url       = {https://tweakers.net/nieuws/175228/providers-zijn-maandag-opnieuw-getroffen-door-ddos-aanvallen.html},
  note      = {Archive: \url{https://web.archive.org/web/20231115170933if_/https://tweakers.net/nieuws/175228/providers-zijn-maandag-opnieuw-getroffen-door-ddos-aanvallen.html}},
  urldate   = {2023-11-15}
}

@online{transipddosmarch,
  author  = {{TransIP}},
  title   = {DDoS attack on March 22nd},
  url     = {https://transip.nl/img/cms/postmortem/ddos_post_mortem_english_march_22.pdf},
  note    = {Archive: \url{https://web.archive.org/web/20231115170221if_/https://transip.nl/img/cms/postmortem/ddos_post_mortem_english_march_22.pdf}},
  urldate = {2023-11-15}
}

@article{wireddyn,
  author    = {{Lily Hay Newman}},
  title     = {What We Know About Friday's Massive East Coast Internet Outage},
  publisher = {Wired},
  journal   = {Wired},
  date      = {2016-10-21},
  url       = {https://www.wired.com/2016/10/internet-outage-ddos-dns-dyn/},
  note      = {Archive: \url{https://web.archive.org/web/20231115155839if_/https://www.wired.com/2016/10/internet-outage-ddos-dns-dyn/}},
  urldate   = {2023-11-15}
}

@article{wiredrussiaddos,
  author    = {{Brian Barrett}},
  publisher = {Wired},
  journal   = {Wired},
  date      = {2022-02-26},
  title     = {Security News This Week: DDoS Attempts Hit Russia as Ukraine Conflict Intensifies},
  url       = {https://www.wired.com/story/russia-ukraine-ddos-nft-nsa-security-news/},
  note      = {Archive: \url{https://web.archive.org/web/20231115172557if_/https://www.wired.com/story/russia-ukraine-ddos-nft-nsa-security-news/}},
  urldate   = {2023-11-15}
}
